
%--------------------BEGIN ACTUAL CITATIONS DOWN BELOW HERE --------------------
%% An online resource (BibLaTeX only)
@online{ref1,
  author       = {},
  organization = {Airport Technology},
  title        = {Swedavia unveils electric aircraft charging stations at Visby Airport},
  year         = {2021},
  month        = {Oct},
  url          = {https://www.airport-technology.com/news/swedavia-electric-aircraft-charging-stations/},
  urldate      = "June 23, 2022",
}

@online{ref2,
  author       = {Eliot Lees and Chris Watson},
  organization = {ICF International, Inc.},
  title        = {Putting the electric into electric aviation},
  year         = {2021},
  month        = {Jun},
  url          = {https://www.icf.com/insights/transportation/putting-electric-into-electric-aviation},
  urldate      = "June 23, 2022",
}

@online{ref19,
  author       = {},
  organization = {Federal Aviation Administration},
  title        = {Air Traffic by the Numbers},
  year         = {2022},
  month        = {Jun},
  url          = {https://www.faa.gov/air_traffic/by_the_numbers/},
  urldate      = "June 21, 2022",
}
@online{ref20,
  author       = {},
  organization = {The Government of Queensland, Australia},
  title        = {Nitrogen oxides},
  year         = {2013},
  month        = {Aug},
  url          = {https://www.qld.gov.au/environment/management/monitoring/air/air-pollution/pollutants/nitrogen-oxides/},
  urldate      = "June 21, 2022",
}
@online{ref21,
  author       = {Wassener, Bettina},
  organization = {The New York Times},
  title        = {Airlines Weigh the Advantages of Using More Biofuel},
  year         = {2011},
  month        = {October},
  url          = {https://www.nytimes.com/2011/10/10/business/global/10iht-green10.html#:~:text=Improved\%20designs\%20and\%20materials\%20mean,the\%20drive\%20to\%20lower\%20emissions},
  urldate      = "June 21, 2022",
}
@online{ref22,
  author       = {},
  organization = {Air-Transport Action Group},
  title        = {SDG 7: Affordable and Clean Energy},
  year         = {2022},
  month        = {},
  url          = {https://aviationbenefits.org/un-sustainable-development-goals/sdg-7-affordable-and-clean-energy/},
  urldate      = "June 21, 2022",
}
@online{ref23,
  author       = {Kundu, Rhik},
  organization = {Aviation Pros},
  title        = {Airlines in a Fix As Jet Fuel Costs Soar Amid Pick-Up in Passenger Traffic},
  year         = {2022},
  month        = {},
  url          = {https://www.aviationpros.com/airlines/news/21259169/airlines-in-a-fix-as-jet-fuel-costs-soar-amid-pickup-in-passenger-traffic},
  urldate      = "June 21, 2022",
}
@report{ref24,
  author       = {},
  organization = {Vantage Market Research},
  title        = {Electric Aircraft Market Size, Share \& Trends Analysis Report (Report ID\# 1609)},
  year         = {2022},
  month        = {May},
  url          = {https://www.vantagemarketresearch.com/toc/electric-aircraft-market-1609},
  urldate      = "June 21, 2022",
}
@online{hkFuel,
  author       = "The Government of Hong Kong",
  title        = "Envionmental Impact Assessment Ordinance",
  year         = 2003,
  url          = {https://www.epd.gov.hk/eia/register/report/eiareport/eia_1272006/EIA_Report/html/Sect11-FuelSpill-e.htm},
  urldate      = "", %need this
}
@online{fuelSpecs,
  author       = "Shell PLC",
  organization = "Shell Global",
  title        = "Civil Jet Fuel",
  subtitle     = "Grades and Specifications",
  year         = 2022,
  url          = {https://www.shell.com/business-customers/aviation/aviation-fuel/civil-jet-fuel-grades.html},
  urldate      = "", %need this
}
@online{fuelPrice,
  author       = "",
  title        = "Jet Fuel Price Monitor",
  organization = "International Air Transport Association (IATA)",
  year         = 2022,
  url          = {https://www.iata.org/en/publications/economics/fuel-monitor/},
  urldate      = "", %need this
}
   